@article{herbrich2006trueskill,
  title={TrueSkillâ„¢: a Bayesian skill rating system},
  author={Herbrich, Ralf and Minka, Tom and Graepel, Thore},
  journal={Advances in neural information processing systems},
  volume={19},
  year={2006},
  url={https://www.microsoft.com/en-us/research/wp-content/uploads/2007/01/NIPS2006_0688.pdf}
}
@article{minka2018trueskill,
  title={Trueskill 2: An improved bayesian skill rating system},
  author={Minka, Tom and Cleven, Ryan and Zaykov, Yordan},
  journal={Technical Report},
  year={2018},
  url={https://www.microsoft.com/en-us/research/wp-content/uploads/2018/03/trueskill2.pdf}
}
